<record><leader>00000cas a2200000 a 4500</leader><controlfield tag="001">13459632</controlfield><controlfield tag="008">860421d19672011cauwr ne      0   a0eng c</controlfield><datafield ind1=" " ind2=" " tag="010"><subfield code="a">sn 87073046 </subfield></datafield><datafield ind1=" " ind2=" " tag="040"><subfield code="a">JNA</subfield><subfield code="b">eng</subfield><subfield code="c">JNA</subfield><subfield code="d">YOX</subfield><subfield code="d">DLC</subfield><subfield code="d">YOX</subfield><subfield code="d">NVF</subfield><subfield code="d">CNK</subfield><subfield code="d">DLC</subfield><subfield code="d">OCL</subfield><subfield code="d">DLC</subfield><subfield code="d">CLU</subfield><subfield code="d">CNK</subfield><subfield code="d">DLC</subfield><subfield code="d">OCLCQ</subfield><subfield code="d">OCLCF</subfield><subfield code="d">OCLCO</subfield></datafield><datafield ind1="1" ind2=" " tag="029"><subfield code="a">AU@</subfield><subfield code="b">000020484489</subfield></datafield><datafield ind1=" " ind2=" " tag="042"><subfield code="a">pcc</subfield></datafield><datafield ind1=" " ind2=" " tag="043"><subfield code="a">n-us---</subfield><subfield code="a">a-ph---</subfield></datafield><datafield ind1="0" ind2="0" tag="050"><subfield code="a">Newspaper</subfield></datafield><datafield ind1="0" ind2="0" tag="245"><subfield code="a">Philippine news.</subfield></datafield><datafield ind1=" " ind2=" " tag="260"><subfield code="a">San Francisco, Calif. :</subfield><subfield code="b">A.A. Esclamado,</subfield><subfield code="c">1967-</subfield></datafield><datafield ind1=" " ind2=" " tag="300"><subfield code="a">v.</subfield></datafield><datafield ind1=" " ind2=" " tag="310"><subfield code="a">Weekly</subfield></datafield><datafield ind1="0" ind2=" " tag="362"><subfield code="a">Yr. 6, no. 33 (May 2, 1967)-</subfield></datafield><datafield ind1="1" ind2=" " tag="362"><subfield code="a">Ceased with Feb. 1, 2011.</subfield></datafield><datafield ind1=" " ind2=" " tag="500"><subfield code="a">Basic text is national in scope. The paper is published in San Francisco and distributed nationwide through regional news bureaus located in various areas. Those areas as of May 2, 1967 were: Los Angeles, Seattle, Honolulu, Chicago, New Orleans, New York, Vancouver, Canada, and Mexico City. They are not to be construed as separate eds.</subfield></datafield><datafield ind1=" " ind2=" " tag="500"><subfield code="a">Published in South San Francisco, Calif., &lt;Aug. 1995-&gt;</subfield></datafield><datafield ind1=" " ind2=" " tag="500"><subfield code="a">"The voice of Filipino-Americans."</subfield></datafield><datafield ind1=" " ind2=" " tag="530"><subfield code="a">Available on microfilm from New York Public Library, Bay Microfilm Inc., and the Library of Congress, Photoduplication Service.</subfield></datafield><datafield ind1=" " ind2=" " tag="530"><subfield code="a">Also issued online.</subfield></datafield><datafield ind1=" " ind2=" " tag="530"><subfield code="a">Master negatives are available for duplication from:</subfield><subfield code="b">California Newspaper Microfilm Archive;</subfield><subfield code="c">positive copies may be purchased by the reel; for further information consult the CNMA at:</subfield><subfield code="u">http://cbsr.ucr.edu</subfield></datafield><datafield ind1=" " ind2=" " tag="588"><subfield code="a">Latest issue consulted: Yr. 30, no. 16 (Dec. 19/25, 1990).</subfield></datafield><datafield ind1=" " ind2="0" tag="650"><subfield code="a">Filipino Americans</subfield><subfield code="v">Newspapers.</subfield></datafield><datafield ind1=" " ind2="0" tag="651"><subfield code="a">San Francisco (Calif.)</subfield><subfield code="v">Newspapers.</subfield></datafield><datafield ind1=" " ind2="0" tag="651"><subfield code="a">South San Francisco (Calif.)</subfield><subfield code="v">Newspapers.</subfield></datafield><datafield ind1=" " ind2="7" tag="655"><subfield code="a">Newspapers.</subfield><subfield code="2">fast</subfield><subfield code="0">(OCoLC)fst01423814</subfield></datafield><datafield ind1=" " ind2="7" tag="650"><subfield code="a">Filipino Americans.</subfield><subfield code="2">fast</subfield><subfield code="0">(OCoLC)fst00924194</subfield></datafield><datafield ind1=" " ind2="7" tag="651"><subfield code="a">California</subfield><subfield code="z">San Francisco.</subfield><subfield code="2">fast</subfield><subfield code="0">(OCoLC)fst01204481</subfield></datafield><datafield ind1=" " ind2="7" tag="651"><subfield code="a">California</subfield><subfield code="z">South San Francisco.</subfield><subfield code="2">fast</subfield><subfield code="0">(OCoLC)fst01214313</subfield></datafield><datafield ind1=" " ind2=" " tag="752"><subfield code="a">United States</subfield><subfield code="b">California</subfield><subfield code="c">San Francisco</subfield><subfield code="d">San Francisco.</subfield></datafield><datafield ind1=" " ind2=" " tag="752"><subfield code="a">United States</subfield><subfield code="b">California</subfield><subfield code="c">San Mateo</subfield><subfield code="d">South San Francisco.</subfield></datafield><datafield ind1="1" ind2=" " tag="776"><subfield code="t">Philippine news (Online)</subfield><subfield code="w">(DLC)  2005223157</subfield><subfield code="w">(OCoLC)62330939</subfield></datafield><datafield ind1="0" ind2="0" tag="780"><subfield code="t">Manila chronicle</subfield><subfield code="w">(DLC)sn 87062202</subfield><subfield code="w">(OCoLC)15742504</subfield></datafield><datafield ind1="4" ind2="1" tag="856"><subfield code="u">http://bibpurl.oclc.org/web/12060</subfield><subfield code="u">http://www.philippinenews.com.news/</subfield></datafield></record>